%REFERENCE FILE DKN_references.bib

@article{pena2003characterization,
  title={A characterization of the distance to infeasibility under block-structured perturbations},
  author={Pe{\~n}a, Javier},
  journal={Linear algebra and its applications},
  volume={370},
  pages={193--216},
  year={2003},
  publisher={North-Holland}
}


@techreport{renegar1993some,
  title={Some perturbation theory for linear programming},
  author={Renegar, James},
  year={1993},
  institution={Cornell University Operations Research and Industrial Engineering}
}